
<record>
  <controlfield tag="001">346740</controlfield>
  <datafield tag="035" ind1=" " ind2=" ">
    <subfield code="z">D94-03707</subfield>
    <subfield code="9">DESY</subfield>
  </datafield>
  <datafield tag="035" ind1=" " ind2=" ">
    <subfield code="a">Bai:1992ns</subfield>
    <subfield code="9">SPIRESTeX</subfield>
  </datafield>
  <datafield tag="245" ind1=" " ind2=" ">
    <subfield code="a">Experimental measurement of the mass of the tau lepton at the Beijing Electron Positron Collider (BEPC)</subfield>
  </datafield>
  <datafield tag="710" ind1=" " ind2=" ">
    <subfield code="g">BES</subfield>
  </datafield>
</record>

</collection>